[1]: https://www.mongodb.com/nosql-explained

