@online{MockitoDownload,
	author = 	"",
	title = 	"Mockito - simple and better mocking",
	year = 		"",
	howpublished =		"\url{http://code.google.com/p/mockito/}"
}

@article{article,
  author  = {Peter Adams}, 
  title   = {The title of the work},
  journal = {The name of the journal},
  year    = 1993,
  number  = 2,
  pages   = {201-213},
  month   = 7,
  note    = {An optional note}, 
  volume  = 4
}

@techreport{EPA-TransmissionShiftScheduleAlgorithm,
  author = {"Kevin Newman","John Kargul","Daniel Barba"},
  title = "Development and Testing of an Automatic Transmission Shift Schedule Algorithm for Vehicle Simulation",
  institution = "SAE International / US EPA",
  year = 2015,
  month = apr,
  type = "Research Paper"
}